0740000000001104418CZK Elite Bloggers s31012200000422549447+00000396827347+00000027494000+00000001771900+000010222              
0750000000001104418000000420060000900000701177940000008167501020103937500680000000000000000070222Ananech - Elite Blog 1500070222
0750000000001104418000000000000000000000701177960000000002001000000000000000000000000000000070222Odchozi platba tuzem 1500070222
0750000000001104418000000000000000000000701179820000000002001000000000000000000000000000000070222Odchozi Euro platba  1500070222
0750000000001104418000000000000000000000701179880000000002001000000000000000000000000000000070222Odchozi Euro platba  1500070222
0750000000001104418000000000000000000000701179940000000002001000000000000000000000000000000070222Odchozi Euro platba  1500070222
0740000000001104418EUR Elite Bloggers s27012200000006887422+00000006404422+00000000483000+00000000000000+311070222              
0750000000001104418000000000000000000000701179800000000130001000000000000000000000000000000070222Kakerian Fauderova - 1500070222
