0740000000100046815UCET CZK            09092000000000404081+00000000016043+00000000409068-00000000021030+000100920
0750000000100046815000000000000000000089981927200000000001112000000000000000000000000000000090920GOPAY-PLATBA        01102090920
0750000000100046815000000000000000000089981939740000000001122000000000000000000000000000000090920GOPAY-PLATBA        01102090920
0750000000100046815000000000000000000089981952280000000001132000000000000000000000000000000090920GOPAY-PLATBA        01102090920
0750000000100046815000000000000000000089981991440000000001142000000000000000000000000000000090920GOPAY-PLATBA        01102090920
0750000000100046815000000000000000000089982027300000000001152000000000000000000000000000000090920GOPAY-PLATBA        01102090920
0750000000100046815000000000000000000089982049190000000001162000000000000000000000000000000090920GOPAY-PLATBA        01102090920
0750000000100046815000000000000000000089982086480000000001162000000000000000000000000000000090920GOPAY-PLATBA        01102090920
0750000000100046815000000000000000000089982297900000000001172000000000000000000000000000000090920GOPAY-PLATBA        01102090920
0750000000100046815000000000000000000089990911230000000190001000000000000000000000000000000100920GOPAY-POPL          01101100920
0750000000100046815000000000000000000089990920360000000190002000000000000000000000000000000100920GOPAY-PLATBA        01102100920
0750000000100046815000000000000000000089990932350000000001171000000000000000000000000000000100920GOPAY-STORNO-PLATBY 01101100920
0750000000100046815000000000000000000089990932460000000002001000000000000000000000000000000100920GOPAY-STORNO-POPL   01101100920
0750000000100046815000000000000000000089990954460000000001161000000000000000000000000000000100920BLOKACE POHYBU      01101100920
0750000000100046815000000000000000000089990959190000000001162000000000000000000000000000000100920GOPAY-NESPAROVANE / 01102100920
0750000000100046815670100221035650600089991928730000000010002010004681500621000000000000000100920GOPAY-DOBITI-UCTU   01102100920
0750000000100046815001111011111111100080327864980000003815331900016721900080000000000000000100920GOPAY-VYUCTOVANI    01101100920
0750000000100046815000000000000000000080327865090000000081021900016721900000000000000000000100920GOPAY-POPL          01101100920
