0747567296761000035XXXXXXXXXXX S.R.O.  01012200000268085000-00000261702000-000000000000000000000063830000001310122CZ260100MB    
0757567296761000035726943081000010701310000000020000063830002000000000900010004980000000000000000XXXXXXXXXXX S.R.O.  01001310122
0747269430810000107XXXXXXXXXXX S.R.O.  27012200000008838363+00000002510147+000000083282160000000020000000016310122CZ110100MB    
0757269430810000107724028880000007801310000000020000020000002000000000000010000000000000000000000VOMACKOVA INA       01001310122
0757286387760000115930500555000000001290000000030000012387012002022012800080011780020220129000000Global Payments s.r.01701310122
