0740000000300840378JES FINANCE A REALIT31122100000010322219+00000008856590+000000041858500000000027202210001310122              
0750000000300840378000000000000000010000000001150000000590501040500002000000011782320112373210122Transakce platební k00203210122
07600000000000000000000220121000000                                                                                             
078Místo: BENZINA CS 0256             NYMBURK                                                                                   
079Èástka: 590.5 CZK 19.01.2022                                                                                                 
